@article{fukushima1979neural,
  title={Neural Network Model for a Mechanism of Pattern Recognition Unaffected by Shift in Position- Neocognitron},
  author={Fukushima, Kunihiko},
  journal={ELECTRON. \& COMMUN. JAPAN},
  volume={62},
  number={10},
  pages={11--18},
  year={1979}
}
@inproceedings{weng1992cresceptron,
  title={Cresceptron: a self-organizing neural network which grows adaptively},
  author={Weng, Juyang and Ahuja, Narendra and Huang, Thomas S},
  booktitle={Neural Networks, 1992. IJCNN., International Joint Conference on},
  volume={1},
  pages={576--581},
  year={1992},
  organization={IEEE}
}
@article{lecun1989backpropagation,
  title={Backpropagation applied to handwritten zip code recognition},
  author={LeCun, Yann and Boser, Bernhard and Denker, John S and Henderson, Donnie and Howard, Richard E and Hubbard, Wayne and Jackel, Lawrence D},
  journal={Neural computation},
  volume={1},
  number={4},
  pages={541--551},
  year={1989},
  publisher={MIT Press}
}
@inproceedings{ciresan2011flexible,
  title={Flexible, high performance convolutional neural networks for image classification},
  author={Ciresan, Dan C and Meier, Ueli and Masci, Jonathan and Maria Gambardella, Luca and Schmidhuber, J{\"u}rgen},
  booktitle={IJCAI Proceedings-International Joint Conference on Artificial Intelligence},
  volume={22},
  number={1},
  pages={1237},
  year={2011},
  organization={Barcelona, Spain}
}
@inproceedings{ciregan2012multi,
  title={Multi-column deep neural networks for image classification},
  author={Ciregan, Dan and Meier, Ueli and Schmidhuber, J{\"u}rgen},
  booktitle={Computer Vision and Pattern Recognition (CVPR), 2012 IEEE Conference on},
  pages={3642--3649},
  year={2012},
  organization={IEEE}
}
@inproceedings{krizhevsky2012imagenet,
  title={Imagenet classification with deep convolutional neural networks},
  author={Krizhevsky, Alex and Sutskever, Ilya and Hinton, Geoffrey E},
  booktitle={Advances in neural information processing systems},
  pages={1097--1105},
  year={2012}
}
@article{goodfellow2013maxout,
  title={Maxout Networks.},
  author={Goodfellow, Ian J and Warde-Farley, David and Mirza, Mehdi and Courville, Aaron C and Bengio, Yoshua},
  journal={ICML (3)},
  volume={28},
  pages={1319--1327},
  year={2013}
}
@article{lin2013network,
  title={Network in network},
  author={Lin, Min and Chen, Qiang and Yan, Shuicheng},
  journal={arXiv preprint arXiv:1312.4400},
  year={2013}
}
@inproceedings{cirecsan2013mitosis,
  title={Mitosis detection in breast cancer histology images with deep neural networks},
  author={Cire{\c{s}}an, Dan C and Giusti, Alessandro and Gambardella, Luca M and Schmidhuber, J{\"u}rgen},
  booktitle={International Conference on Medical Image Computing and Computer-assisted Intervention},
  pages={411--418},
  year={2013},
  organization={Springer}
}
@inproceedings{ciresan2012deep,
  title={Deep neural networks segment neuronal membranes in electron microscopy images},
  author={Ciresan, Dan and Giusti, Alessandro and Gambardella, Luca M and Schmidhuber, J{\"u}rgen},
  booktitle={Advances in neural information processing systems},
  pages={2843--2851},
  year={2012}
}
@article{farabet2013learning,
  title={Learning hierarchical features for scene labeling},
  author={Farabet, Clement and Couprie, Camille and Najman, Laurent and LeCun, Yann},
  journal={IEEE transactions on pattern analysis and machine intelligence},
  volume={35},
  number={8},
  pages={1915--1929},
  year={2013},
  publisher={IEEE}
}
@inproceedings{sermanet2013pedestrian,
  title={Pedestrian detection with unsupervised multi-stage feature learning},
  author={Sermanet, Pierre and Kavukcuoglu, Koray and Chintala, Soumith and LeCun, Yann},
  booktitle={Proceedings of the IEEE Conference on Computer Vision and Pattern Recognition},
  pages={3626--3633},
  year={2013}
}
@article{schmidhuber2015deep,
  title={Deep learning in neural networks: An overview},
  author={Schmidhuber, J{\"u}rgen},
  journal={Neural networks},
  volume={61},
  pages={85--117},
  year={2015},
  publisher={Elsevier}
}
@article{gabor1946theory,
  title={Theory of communication. Part 1: The analysis of information},
  author={Gabor, Dennis},
  journal={Journal of the Institution of Electrical Engineers-Part III: Radio and Communication Engineering},
  volume={93},
  number={26},
  pages={429--441},
  year={1946},
  publisher={IET}
}
@inproceedings{zeiler2014visualizing,
  title={Visualizing and understanding convolutional networks},
  author={Zeiler, Matthew D and Fergus, Rob},
  booktitle={European conference on computer vision},
  pages={818--833},
  year={2014},
  organization={Springer}
}
@book{hall1905textbook,
  title={A Textbook of physiology},
  author={Hall, Winfield Scott},
  year={1905},
  publisher={Lea}
}
@article{bayliss1908reciprocal,
  title={On reciprocal innervation in vaso-motor reflexes and the action of strychnine and of chloroform thereon},
  author={Bayliss, WM},
  journal={Proceedings of the Royal Society of London. Series B, Containing Papers of a Biological Character},
  volume={80},
  number={541},
  pages={339--375},
  year={1908},
  publisher={JSTOR}
}
@article{gerard1941interaction,
  title={The interaction of neurones},
  author={Gerard, RW},
  journal={Ohio J. Sci},
  volume={41},
  pages={160--172},
  year={1941},
  publisher={Citeseer}
}
@article{jain1996artificial,
  title={Artificial neural networks: A tutorial},
  author={Jain, Anil K and Mao, Jianchang and Mohiuddin, K Moidin},
  journal={Computer},
  volume={29},
  number={3},
  pages={31--44},
  year={1996},
  publisher={IEEE}
}
@inproceedings{nair2010rectified,
  title={Rectified linear units improve restricted boltzmann machines},
  author={Nair, Vinod and Hinton, Geoffrey E},
  booktitle={Proceedings of the 27th international conference on machine learning (ICML-10)},
  pages={807--814},
  year={2010}
}
@article{gray1959axo,
  title={Axo-somatic and axo-dendritic synapses of the cerebral cortex: an electron microscope study},
  author={Gray, Eo G},
  journal={Journal of anatomy},
  volume={93},
  number={Pt 4},
  pages={420},
  year={1959},
  publisher={Wiley-Blackwell}
}
@article{harvey2007locally,
  title={Locally dynamic synaptic learning rules in pyramidal neuron dendrites},
  author={Harvey, Christopher D and Svoboda, Karel},
  journal={Nature},
  volume={450},
  number={7173},
  pages={1195--1200},
  year={2007},
  publisher={Nature Publishing Group}
}
@article{uchizono1965characteristics,
  title={Characteristics of excitatory and inhibitory synapses in the central nervous system of the cat},
  author={Uchizono, Koji},
  journal={Nature},
  volume={207},
  number={4997},
  pages={642--643},
  year={1965},
  publisher={Nature Publishing Group}
}
@article{wilson1972excitatory,
  title={Excitatory and inhibitory interactions in localized populations of model neurons},
  author={Wilson, Hugh R and Cowan, Jack D},
  journal={Biophysical journal},
  volume={12},
  number={1},
  pages={1--24},
  year={1972},
  publisher={Elsevier}
}
@article{ganguly2001gaba,
  title={GABA itself promotes the developmental switch of neuronal GABAergic responses from excitation to inhibition},
  author={Ganguly, Karunesh and Schinder, Alejandro F and Wong, Scott T and Poo, Mu-ming},
  journal={Cell},
  volume={105},
  number={4},
  pages={521--532},
  year={2001},
  publisher={Elsevier}
}
@article{amari1977dynamics,
  title={Dynamics of pattern formation in lateral-inhibition type neural fields},
  author={Amari, Shun-ichi},
  journal={Biological cybernetics},
  volume={27},
  number={2},
  pages={77--87},
  year={1977},
  publisher={Springer}
}
@article{blakemore1972lateral,
  title={Lateral inhibition between orientation detectors in the cat's visual cortex},
  author={Blakemore, Colin and Tobin, Elisabeth A},
  journal={Experimental Brain Research},
  volume={15},
  number={4},
  pages={439--440},
  year={1972},
  publisher={Springer}
}
@article{blakemore1970lateral,
  title={Lateral inhibition between orientation detectors in the human visual system.},
  author={Blakemore, Colin and Carpenter, Roger H and Georgeson, Mark A},
  journal={Nature},
  year={1970},
  publisher={Nature Publishing Group}
}
@article{jaderberg2014speeding,
  title={Speeding up convolutional neural networks with low rank expansions},
  author={Jaderberg, Max and Vedaldi, Andrea and Zisserman, Andrew},
  journal={arXiv preprint arXiv:1405.3866},
  year={2014}
}
@article{chen2015compressing,
  title={Compressing convolutional neural networks},
  author={Chen, Wenlin and Wilson, James T and Tyree, Stephen and Weinberger, Kilian Q and Chen, Yixin},
  journal={arXiv preprint arXiv:1506.04449},
  year={2015}
}
@article{masci2011stacked,
  title={Stacked convolutional auto-encoders for hierarchical feature extraction},
  author={Masci, Jonathan and Meier, Ueli and Cire{\c{s}}an, Dan and Schmidhuber, J{\"u}rgen},
  journal={Artificial Neural Networks and Machine Learning--ICANN 2011},
  pages={52--59},
  year={2011},
  publisher={Springer}
}
@article{hinton2012improving,
  title={Improving neural networks by preventing co-adaptation of feature detectors},
  author={Hinton, Geoffrey E and Srivastava, Nitish and Krizhevsky, Alex and Sutskever, Ilya and Salakhutdinov, Ruslan R},
  journal={arXiv preprint arXiv:1207.0580},
  year={2012}
}
@inproceedings{wan2013regularization,
  title={Regularization of neural networks using dropconnect},
  author={Wan, Li and Zeiler, Matthew and Zhang, Sixin and Cun, Yann L and Fergus, Rob},
  booktitle={Proceedings of the 30th International Conference on Machine Learning (ICML-13)},
  pages={1058--1066},
  year={2013}
}
@inproceedings{dalal2005histograms,
  title={Histograms of oriented gradients for human detection},
  author={Dalal, Navneet and Triggs, Bill},
  booktitle={Computer Vision and Pattern Recognition, 2005. CVPR 2005. IEEE Computer Society Conference on},
  volume={1},
  pages={886--893},
  year={2005},
  organization={IEEE}
}
@inproceedings{girshick2014rich,
  title={Rich feature hierarchies for accurate object detection and semantic segmentation},
  author={Girshick, Ross and Donahue, Jeff and Darrell, Trevor and Malik, Jitendra},
  booktitle={Proceedings of the IEEE conference on computer vision and pattern recognition},
  pages={580--587},
  year={2014}
}
